



@incollection{gelfand1996model,
 author	     = {Alan E. Gelfand},
 title	     = {Model determination using sampling-based methods},
 booktitle   = {Markov Chain Monte Carlo in Practice},
 editor	     = {W. R. Gilks and S. Richardson and D. J.
                Spiegelhalter},
 publisher   = {Chapman \& Hall},
 year	     = {1996},
 pages	     = {145--162}
}

@article{vehtari2017practical,
  title={Practical {Bayesian} model evaluation using leave-one-out cross-validation and WAIC},
  author={Vehtari, Aki and Gelman, Andrew and Gabry, Jonah},
  journal={Statistics and Computing},
  volume={27},
  number={5},
  pages={1413--1432},
  year={2017},
  publisher={Springer}
}

@article{vehtari2015pareto,
  title={Pareto smoothed importance sampling},
  author={Vehtari, Aki and Simpson, Daniel and Gelman, Andrew and Yao, Yuling and Gabry, Jonah},
  journal={arXiv preprint arXiv:1507.02646},
  year={2019}
}





@article{vehtari2012survey,
  title={A survey of {Bayesian} predictive methods for model assessment, selection and comparison},
  author={Vehtari, Aki and Ojanen, Janne},
  journal={Statistics Surveys},
  volume={6},
  pages={142--228},
  year={2012},
  publisher={The author, under a Creative Commons Attribution License}
}


@misc{stan,
  title={{The Stan C++ Library, version 2.17.3}},
  author={{Stan Development Team}},
  url={http://mc-stan.org/},
  year={2018}
}

@misc{rstan,
  title={{RStan: the R interface to Stan, version 2.17.3}},
  author={{Stan Development Team}},
  url={http://mc-stan.org/interfaces/rstan.html},
  year={2018}
}

@MANUAL{stanmanual,
  title={Stan Modeling Language Users Guide and Reference Manual},
  author={{Stan Development Team}},
  note={Version 2.17.0},
  address={http://mc-stan.org/},
  year={2018}
}

@inproceedings{gelfand1992model,
 author	     = {Alan E. Gelfand and D. K. Dey and H. Chang},
 title	     = {Model Determination using Predictive Distributions
                with Implementation via Sampling-Based Methods
                (with discussion)},
 booktitle   = {Bayesian Statistics 4},
 pages	     = {147--167},
 year	     = {1992},
 editor	     = {J. M. Bernardo and J. O. Berger and A. P. Dawid and
                A. F. M. Smith},
 publisher   = {Oxford University Press}
}

@article{Vehtari+etal:2019:Rhat,
  title={Rank-normalization, folding, and localization: {An} improved $\widehat{R}$ for assessing convergence of {MCMC}},
  author={Vehtari, Aki and Gelman, Andrew and Simpson, Daniel and Carpenter, Bob and B{\"u}rkner, Paul-Christian},
  journal={arXiv preprint arXiv:1903.08008},
  year={2019}
}

@article{Betancourt2017,
  title = {{A Conceptual Introduction to Hamiltonian Monte Carlo}},
  year = {2017},
  author = {Betancourt, Michael},
  journal={arXiv preprint arXiv:1701.02434}
}

@article{merkle2018bayesian,
  title={Bayesian model assessment: Use of conditional vs marginal likelihoods},
  author={Merkle, EC and Furr, D and Rabe-Hesketh, S},
  journal={arXiv preprint arXiv:1802.04452},
  year={2018}
}

@article{yao2018yes,
  title={Yes, but Did It Work?: Evaluating Variational Inference},
  author={Yao, Yuling and Vehtari, Aki and Simpson, Daniel and Gelman, Andrew},
  journal={arXiv preprint arXiv:1802.02538},
  year={2018}
}

@article{ionides2008truncated,
  title={Truncated importance sampling},
  author={Ionides, Edward L},
  journal={Journal of Computational and Graphical Statistics},
  volume={17},
  number={2},
  pages={295--311},
  year={2008},
  publisher={Taylor \& Francis}
}

@article{peruggia1997variability,
  title={On the variability of case-deletion Importance sampling Weights in the {Bayesian} linear model},
  author={Peruggia, Mario},
  journal={Journal of the American Statistical Association},
  volume={92},
  number={437},
  pages={199--207},
  year={1997},
  publisher={Taylor \& Francis Group}
}

@article{epifani2008case,
  title={Case-deletion importance sampling estimators: {Central} limit theorems and related results},
  author={Epifani, Ilenia and {MacEachern}, Steven N and Peruggia, Mario},
  journal={Electronic Journal of Statistics},
  volume={2},
  pages={774--806},
  year={2008},
  publisher={The Institute of Mathematical Statistics and the Bernoulli Society}
}

@article{maceachern2000importance,
  title={Importance link function estimation for {Markov} chain {Monte} {Carlo} methods},
  author={MacEachern, Steven N and Peruggia, Mario},
  journal={Journal of Computational and Graphical Statistics},
  volume={9},
  number={1},
  pages={99--121},
  year={2000},
  publisher={Taylor \& Francis}
}

@article{geisser1979predictive,
  title={A predictive approach to model selection},
  author={Geisser, Seymour and Eddy, William F},
  journal={Journal of the American Statistical Association},
  volume={74},
  number={365},
  pages={153--160},
  year={1979},
  publisher={Taylor \& Francis Group}
}

@article{vehtari2002bayesian,
  title={Bayesian model assessment and comparison using cross-validation predictive densities},
  author={Vehtari, Aki and Lampinen, Jouko},
  journal={Neural computation},
  volume={14},
  number={10},
  pages={2439--2468},
  year={2002},
  publisher={MIT Press}
}

@article{gneiting2007strictly,
  title={Strictly proper scoring rules, prediction, and estimation},
  author={Gneiting, Tilmann and Raftery, Adrian E},
  journal={Journal of the American Statistical Association},
  volume={102},
  number={477},
  pages={359--378},
  year={2007},
  publisher={Taylor \& Francis}
}

@article{koopman2009testing,
  title={Testing the assumptions behind importance sampling},
  author={Koopman, Siem Jan and Shephard, Neil and Creal, Drew},
  journal={Journal of Econometrics},
  volume={149},
  number={1},
  pages={2--11},
  year={2009},
  publisher={Elsevier}
}

@article{carpenter2017stan,
  title={Stan: A probabilistic programming language},
  author={Carpenter, Bob and Gelman, Andrew and Hoffman, Matthew D and Lee, Daniel and Goodrich, Ben and Betancourt, Michael and Brubaker, Marcus and Guo, Jiqiang and Li, Peter and Riddell, Allen},
  journal={Journal of statistical software},
  volume={76},
  number={1},
  year={2017},
  publisher={Columbia Univ., New York, NY (United States); Harvard Univ., Cambridge, MA (United States)}
}

@article{kong1994sequential,
  title={Sequential imputations and {Bayesian} missing data problems},
  author={Kong, Augustine and Liu, Jun S and Wong, Wing Hung},
  journal={Journal of the American statistical association},
  volume={89},
  number={425},
  pages={278--288},
  year={1994},
  publisher={Taylor \& Francis Group}
}

@phdthesis{hesterberg1988advances,
  title={Advances in importance sampling},
  author={Hesterberg, Timothy Classen},
  year={1988},
  school={Stanford University}
}

@article{kahn1953methods,
  title={Methods of reducing sample size in {Monte} {Carlo} computations},
  author={Kahn, Herman and Marshall, Andy W},
  journal={Journal of the Operations Research Society of America},
  volume={1},
  number={5},
  pages={263--278},
  year={1953},
  publisher={INFORMS}
}

@article{kong1992note,
  title={A note on importance sampling using standardized weights},
  author={Kong, Augustine},
  journal={University of Chicago, Dept. of Statistics, Tech. Rep},
  volume={348},
  year={1992}
}

@article{geweke1989bayesian,
  title={Bayesian inference in econometric models using {Monte} {Carlo} integration},
  author={Geweke, John},
  journal={Econometrica: Journal of the Econometric Society},
  pages={1317--1339},
  year={1989},
  publisher={JSTOR}
}

@article{tierney1994markov,
  title={Markov chains for exploring posterior distributions},
  author={Tierney, Luke},
  journal={The Annals of Statistics},
  pages={1701--1728},
  year={1994},
  publisher={JSTOR}
}

@book{gelman2006data,
  title={Data analysis using regression and multilevel/hierarchical models},
  author={Gelman, Andrew and Hill, Jennifer},
  year={2006},
  publisher={Cambridge university press}
}

@article{he2014optimal,
  title={Optimal mixture weights in multiple importance sampling},
  author={He, Hera Y and Owen, Art B},
  journal={arXiv preprint arXiv:1411.3954},
  year={2014}
}

@article{chen2004normal,
  title={Normal approximation under local dependence},
  author={Chen, Louis HY and Shao, Qi-Man},
  journal={The Annals of Probability},
  volume={32},
  number={3},
  pages={1985--2028},
  year={2004},
  publisher={Institute of Mathematical Statistics}
}

@article{casella1998post,
  title={Post-processing accept-reject samples: recycling and rescaling},
  author={Casella, George and Robert, Christian P},
  journal={Journal of Computational and Graphical Statistics},
  volume={7},
  number={2},
  pages={139--157},
  year={1998},
  publisher={Taylor \& Francis}
}

@inproceedings{veach1995optimally,
  title={Optimally combining sampling techniques for {Monte} {Carlo} rendering},
  author={Veach, Eric and Guibas, Leonidas J},
  booktitle={Proceedings of the 22nd annual conference on Computer graphics and interactive techniques},
  pages={419--428},
  year={1995},
  organization={ACM}
}

@article{pickands1975statistical,
  title={Statistical inference using extreme order statistics},
  author={Pickands, James},
  journal={The Annals of Statistics},
  volume={3},
  number={1},
  pages={119--131},
  year={1975},
  publisher={Institute of Mathematical Statistics}
}

@article{zhang2009new,
  title={A new and efficient estimation method for the generalized Pareto distribution},
  author={Zhang, Jin and Stephens, Michael A},
  journal={Technometrics},
  volume={51},
  number={3},
  pages={316--325},
  year={2009},
  publisher={Taylor \& Francis}
}

@article{monahan1993testing,
  title={Testing the behavior of importance sampling weights},
  author={Monahan, J},
  journal={Computing Science and Statistics},
  pages={112--112},
  year={1993},
  publisher={PROCEEDINGS PUBLISHED BY VARIOUS PUBLISHERS}
}

@book{gelman2013bayesian,
  title={Bayesian data analysis},
  author={Gelman, Andrew and Stern, Hal S and Carlin, John B and Dunson, David B and Vehtari, Aki and Rubin, Donald B},
  year={2013},
  publisher={Chapman and Hall/CRC}
}

@Misc{loo,
    title = {loo: Efficient leave-one-out cross-validation and {WAIC} for
      {Bayesian} models},
    author = {Aki Vehtari and Jonah Gabry and Mans Magnusson and Yuling
      Yao and Andrew Gelman},
    year = {2019},
    note = {R package version 2.2.0},
    url = {https://mc-stan.org/loo},
  }




@article{hoffman2014no,
  title={The {No-U-Turn} sampler: adaptively setting path lengths in {Hamiltonian} {Monte} {Carlo}},
  author={Hoffman, Matthew D and Gelman, Andrew},
  journal={Journal of Machine Learning Research},
  volume={15},
  number={1},
  pages={1593--1623},
  year={2014}
}

@article{duane1987hybrid,
  title={Hybrid {Monte} {Carlo}},
  author={Duane, Simon and Kennedy, Anthony D and Pendleton, Brian J and Roweth, Duncan},
  journal={Physics letters B},
  volume={195},
  number={2},
  pages={216--222},
  year=1987,
  publisher={Elsevier}
}

@article{parry2012proper,
  title={Proper local scoring rules},
  author={Parry, Matthew and Dawid, A Philip and Lauritzen, Steffen and others},
  journal={The Annals of Statistics},
  volume={40},
  number={1},
  pages={561--592},
  year={2012},
  publisher={Institute of Mathematical Statistics}
}

@article{piironen2017rhs,
author = "Piironen, Juho and Vehtari, Aki",
fjournal = "Electronic Journal of Statistics",
journal = "Electron. J. Statist.",
number = "2",
pages = "5018--5051",
publisher = "The Institute of Mathematical Statistics and the Bernoulli Society",
title = "Sparsity information and regularization in the horseshoe and other shrinkage priors",
volume = "11",
year = "2017"
}

@article{ando2010predictive,
  title={Predictive likelihood for {Bayesian} model selection and averaging},
  author={Ando, Tomohiro and Tsay, Ruey},
  journal={International Journal of Forecasting},
  volume={26},
  number={4},
  pages={744--763},
  year={2010},
  publisher={Elsevier}
}

@book{bernardo1994bayesian,
  title={Bayesian theory},
  author={Bernardo, Jose M and Smith, Adrian FM},
  year={1994},
  publisher={Wiley}
}

@article{hoeting1999bayesian,
  title={Bayesian model averaging: a tutorial},
  author={Hoeting, Jennifer A and Madigan, David and Raftery, Adrian E and Volinsky, Chris T},
  journal={Statistical science},
  pages={382--401},
  year={1999},
  publisher={JSTOR}
}

@Manual{rlang,
     title = {R: A Language and Environment for Statistical Computing},
     author = {{R Core Team}},
     organization = {R Foundation for Statistical Computing},
     address = {Vienna, Austria},
     year = {2020},
     url = {http://www.R-project.org/},
}

@inproceedings{ortiz2000adaptive,
  title={Adaptive importance sampling for estimation in structured domains},
  author={Ortiz, Luis E and Kaelbling, Leslie Pack},
  booktitle={Proceedings of the Sixteenth conference on Uncertainty in artificial intelligence},
  pages={446--454},
  year={2000},
  organization={Morgan Kaufmann Publishers Inc.}
}

@incollection{pennanen2006adaptive,
  title={An adaptive importance sampling technique},
  author={Pennanen, Teemu and Koivu, Matti},
  booktitle={Monte Carlo and Quasi-Monte Carlo Methods 2004},
  pages={443--455},
  year={2006},
  publisher={Springer}
}

@article{raftery2010estimating,
  title={Estimating and projecting trends in HIV/AIDS generalized epidemics using incremental mixture importance sampling},
  author={Raftery, Adrian E and Bao, Le},
  journal={Biometrics},
  volume={66},
  number={4},
  pages={1162--1173},
  year={2010},
  publisher={Wiley Online Library}
}

@article{lepage1978new,
  title={A new algorithm for adaptive multidimensional integration},
  author={Lepage, G Peter},
  journal={Journal of Computational Physics},
  volume={27},
  number={2},
  pages={192--203},
  year={1978},
  publisher={Elsevier}
}

@article{cappe2004population,
  title={Population {Monte} {Carlo}},
  author={Capp{\'e}, Olivier and Guillin, Arnaud and Marin, Jean-Michel and Robert, Christian P},
  journal={Journal of Computational and Graphical Statistics},
  volume={13},
  number={4},
  pages={907--929},
  year={2004},
  publisher={Taylor \& Francis}
}

@article{cornuet2012adaptive,
  title={Adaptive multiple importance sampling},
  author={Cornuet, Jean-Marie and Marin, Jean-Michel and Mira, Antonietta and Robert, Christian P},
  journal={Scandinavian Journal of Statistics},
  volume={39},
  number={4},
  pages={798--812},
  year={2012},
  publisher={Wiley Online Library}
}

@article{rischard2018unbiased,
  title={Unbiased estimation of log normalizing constants with applications to {Bayesian} cross-validation},
  author={Rischard, Maxime and Jacob, Pierre E and Pillai, Natesh},
  journal={arXiv preprint arXiv:1810.01382},
  year={2018}
}

@article{pitt2013existence,
  title={On the existence of moments for high dimensional importance sampling},
  author={Pitt, Michael K and Tran, Minh-Ngoc and Scharth, Marcel and Kohn, Robert},
  journal={arXiv preprint arXiv:1307.7975},
  year={2013}
}

@article{good1952rational,
  title={Rational Decisions},
  author={Good, IJ},
  journal={Journal of the Royal Statistical Society: Series B (Methodological)},
  volume={14},
  number={1},
  pages={107--114},
  year={1952},
  publisher={Wiley Online Library}
}

@article{bernardo1979expected,
  title={Expected information as expected utility},
  author={Bernardo, Jos{\'e} M},
  journal={The Annals of Statistics},
  pages={686--690},
  year={1979},
  publisher={JSTOR}
}

@article{krueger2016probabilistic,
  title={Probabilistic forecasting and comparative model assessment based on {Markov} chain {Monte} {Carlo} output},
  author={Krueger, Fabian and Lerch, Sebastian and Thorarinsdottir, Thordis L and Gneiting, Tilmann},
  journal={arXiv preprint arXiv:1608.06802},
  year={2019}
}

@article{hernandez2010expectation,
  title={Expectation propagation for microarray data classification},
  author={Hern{\'a}ndez-Lobato, Daniel and Hern{\'a}ndez-Lobato, Jos{\'e} Miguel and Su{\'a}rez, Alberto},
  journal={Pattern recognition letters},
  volume={31},
  number={12},
  pages={1618--1626},
  year={2010},
  publisher={Elsevier}
}

@article{schummer1999comparative,
  title={Comparative hybridization of an array of 21 500 ovarian cDNAs for the discovery of genes overexpressed in ovarian carcinomas},
  author={Schummer, Mich{\`e}l and Ng, WaiLap V and Bumgarner, Roger E and Nelson, Peter S and Schummer, Bernhard and Bednarski, David W and Hassell, Laurie and Baldwin, Rae Lynn and Karlan, Beth Y and Hood, Leroy},
  journal={Gene},
  volume={238},
  number={2},
  pages={375--385},
  year={1999},
  publisher={Elsevier}
}

@Article{Piironen2017,
author="Piironen, Juho
and Vehtari, Aki",
title="Comparison of {Bayesian} predictive methods for model selection",
journal="Statistics and Computing",
year="2017",
volume="27",
number="3",
pages="711--735"
}

@book{mcbook,
   author = {Art B. Owen},
   year = 2013,
   title = {Monte Carlo theory, methods and examples}
}

@book{rubino2009rare,
  title={Rare event simulation using {Monte} {Carlo} methods},
  author={Rubino, Gerardo and Tuffin, Bruno},
  year={2009},
  publisher={John Wiley \& Sons}
}

@article{hesterberg1995weighted,
  title={Weighted average importance sampling and defensive mixture distributions},
  author={Hesterberg, Tim},
  journal={Technometrics},
  volume={37},
  number={2},
  pages={185--194},
  year={1995},
  publisher={Taylor \& Francis Group}
}

@article{owen2000safe,
  title={Safe and effective importance sampling},
  author={Owen, Art and Zhou, Yi},
  journal={Journal of the American Statistical Association},
  volume={95},
  number={449},
  pages={135--143},
  year={2000},
  publisher={Taylor \& Francis Group}
}

@article{elvira2019generalized,
  title={Generalized multiple importance sampling},
  author={Elvira, V{\'\i}ctor and Martino, Luca and Luengo, David and Bugallo, M{\'o}nica F and others},
  journal={Statistical Science},
  volume={34},
  number={1},
  pages={129--155},
  year={2019},
  publisher={Institute of Mathematical Statistics}
}

@article{meng2002warp,
  title={Warp bridge sampling},
  author={Meng, Xiao-Li and Schilling, Stephen},
  journal={Journal of Computational and Graphical Statistics},
  volume={11},
  number={3},
  pages={552--586},
  year={2002},
  publisher={Taylor \& Francis}
}

@article{bugallo2017adaptive,
  title={Adaptive importance sampling: the past, the present, and the future},
  author={Bugallo, Monica F and Elvira, Victor and Martino, Luca and Luengo, David and Miguez, Joaquin and Djuric, Petar M},
  journal={IEEE Signal Processing Magazine},
  volume={34},
  number={4},
  pages={60--79},
  year={2017},
  publisher={IEEE}
}

@article{martino2015adaptive,
  title={An adaptive population importance sampler: Learning from uncertainty},
  author={Martino, Luca and Elvira, Victor and Luengo, David and Corander, Jukka},
  journal={IEEE Transactions on Signal Processing},
  volume={63},
  number={16},
  pages={4422--4437},
  year={2015},
  publisher={IEEE}
}

@inproceedings{giordano2019swiss,
  title={A Swiss Army Infinitesimal Jackknife},
  author={Giordano, Ryan and Stephenson, William and Liu, Runjing and Jordan, Michael and Broderick, Tamara},
  booktitle={The 22nd International Conference on Artificial Intelligence and Statistics},
  pages={1139--1147},
  year={2019}
}

@article{sbert2016variance,
  title={Variance Analysis of Multi-sample and One-sample Multiple Importance Sampling},
  author={Sbert, Mateu and Havran, Vlastimil and Szirmay-Kalos, L{\'a}szl{\'o}},
  journal={Computer Graphics Forum},
  volume={35},
  number={7},
  pages={451--460},
  year={2016}
}

@article{sbert2019generalizing,
  title={Generalizing the Balance Heuristic Estimator in Multiple Importance Sampling},
  author={Sbert, Mateu and Elvira, V{\'\i}ctor},
  journal={arXiv preprint arXiv:1903.11908},
  year={2019}
}

@article{elvira2016heretical,
  title={Heretical multiple importance sampling},
  author={Elvira, V{\'\i}ctor and Martino, Luca and Luengo, David and Bugallo, M{\'o}nica F},
  journal={IEEE Signal Processing Letters},
  volume={23},
  number={10},
  pages={1474--1478},
  year={2016},
  publisher={IEEE}
}

@article{elvira2015efficient,
  title={Efficient multiple importance sampling estimators},
  author={Elvira, V{\'\i}ctor and Martino, Luca and Luengo, David and Bugallo, M{\'o}nica F},
  journal={IEEE Signal Processing Letters},
  volume={22},
  number={10},
  pages={1757--1761},
  year={2015},
  publisher={IEEE}
}

@article{sbert2017adaptive,
  title={Adaptive multiple importance sampling for general functions},
  author={Sbert, Mateu and Havran, Vlastimil},
  journal={The Visual Computer},
  volume={33},
  number={6-8},
  pages={845--855},
  year={2017},
  publisher={Springer}
}

@inproceedings{havran2014optimal,
  title={Optimal combination of techniques in multiple importance sampling},
  author={Havran, Vlastimil and Sbert, Mateu},
  booktitle={Proceedings of the 13th ACM SIGGRAPH International Conference on Virtual-Reality Continuum and its Applications in Industry},
  pages={141--150},
  year={2014}
}

@article{chatterjee2018sample,
  title={The sample size required in importance sampling},
  author={Chatterjee, Sourav and Diaconis, Persi and others},
  journal={The Annals of Applied Probability},
  volume={28},
  number={2},
  pages={1099--1135},
  year={2018},
  publisher={Institute of Mathematical Statistics}
}

@article{martino2017effective,
  title={Effective sample size for importance sampling based on discrepancy measures},
  author={Martino, Luca and Elvira, V{\'\i}ctor and Louzada, Francisco},
  journal={Signal Processing},
  volume={131},
  pages={386--401},
  year={2017},
  publisher={Elsevier}
}

@article{kappen2016adaptive,
  title={Adaptive importance sampling for control and inference},
  author={Kappen, Hilbert Johan and Ruiz, Hans Christian},
  journal={Journal of Statistical Physics},
  volume={162},
  number={5},
  pages={1244--1266},
  year={2016},
  publisher={Springer}
}

@article{bugallo2015adaptive,
  title={Adaptive importance sampling in signal processing},
  author={Bugallo, M{\'o}nica F and Martino, Luca and Corander, Jukka},
  journal={Digital Signal Processing},
  volume={47},
  pages={36--49},
  year={2015},
  publisher={Elsevier}
}

@article{akyildiz2019convergence,
  title={Convergence rates for optimised adaptive importance samplers},
  author={Akyildiz, {\"O}mer Deniz and M{\'\i}guez, Joaqu{\'\i}n},
  journal={arXiv preprint arXiv:1903.12044},
  year={2019}
}

@inproceedings{feng2018uniform,
  title={Uniform convergence of sample average approximation with adaptive multiple importance sampling},
  author={Feng, M Ben and Maggiar, Alvaro and Staum, Jeremy and W{\"a}chter, Andreas},
  booktitle={2018 Winter Simulation Conference (WSC)},
  pages={1646--1657},
  year={2018},
  organization={IEEE}
}

@article{koblents2015population,
  title={A population {Monte} {Carlo} scheme with transformed weights and its application to stochastic kinetic models},
  author={Koblents, Eugenia and M{\'\i}guez, Joaqu{\'\i}n},
  journal={Statistics and Computing},
  volume={25},
  number={2},
  pages={407--425},
  year={2015},
  publisher={Springer}
}

@article{miguez2018analysis,
  title={Analysis of a nonlinear importance sampling scheme for {Bayesian} parameter estimation in state-space models},
  author={Miguez, Joaquin and Mari{\~n}o, In{\'e}s P and V{\'a}zquez, Manuel A},
  journal={Signal Processing},
  volume={142},
  pages={281--291},
  year={2018},
  publisher={Elsevier}
}

@article{elvira2018rethinking,
  title={Rethinking the effective sample size},
  author={Elvira, V{\'\i}ctor and Martino, Luca and Robert, Christian P},
  journal={arXiv preprint arXiv:1809.04129},
  year={2018}
}

@article{zhang1996nonparametric,
  title={Nonparametric importance sampling},
  author={Zhang, Ping},
  journal={Journal of the American Statistical Association},
  volume={91},
  number={435},
  pages={1245--1253},
  year={1996},
  publisher={Taylor \& Francis}
}

@article{cappe2008adaptive,
  title={Adaptive importance sampling in general mixture classes},
  author={Capp{\'e}, Olivier and Douc, Randal and Guillin, Arnaud and Marin, Jean-Michel and Robert, Christian P},
  journal={Statistics and Computing},
  volume={18},
  number={4},
  pages={447--459},
  year={2008},
  publisher={Springer}
}

@article{elvira2017improving,
  title={Improving population {Monte} {Carlo}: Alternative weighting and resampling schemes},
  author={Elvira, V{\'\i}ctor and Martino, Luca and Luengo, David and Bugallo, M{\'o}nica F},
  journal={Signal Processing},
  volume={131},
  pages={77--91},
  year={2017},
  publisher={Elsevier}
}

@book{robert2013monte,
  title={Monte Carlo statistical methods},
  author={Robert, Christian and Casella, George},
  year={2013},
  publisher={Springer Science \& Business Media}
}

@article{roberts2004general,
  title={General state space {Markov} chains and {MCMC} algorithms},
  author={Roberts, Gareth O and Rosenthal, Jeffrey S and others},
  journal={Probability surveys},
  volume={1},
  pages={20--71},
  year={2004},
  publisher={The Institute of Mathematical Statistics and the Bernoulli Society}
}

